% thesis.bib, to be used with thesis.tex
% This contains the bibliography entries (which can be most easily obtained from databases such as MathSciNet).
% Run laTeX, bibTeX, laTeX on thesis.tex to produce the bibliography.


@article {Agrawal,
    author = {R. Agrawal and R. Srikant},
    title = {{Mining Sequential Patterns}},
    journal = {Eleventh Intl. Conf. on Data Eng'g},
    year = {1995},
    pages = {3--14},
}

@article {Asif,
    author = {R. Asif and A. Merceron and S.A. Ali and N.G. Haider},
    title = {{Analyzing undergraduate students' performance using educational data mining}},
    journal = {Computers \& Education},
    volume = {113},
    year = {177--194},
    pages = {2017},
}

@inbook{Bhaskaran,
    author = {S. Bhaskaran and K. Lu and M. Al Aali},
    title = {{A data mining approach for investigating students' completion rates}},
    publisher = {Taylor \& Francis Group, London, UK},
    year      = {2018},
    pages = {105--116},
}

@article {Breiman,
    author = {L. Breiman},
    title = {{Random forests}},
    journal = {Machine Learning},
    volume = {45},
    number = {1},
    pages = {5--32}, 
    year = {2001},  
}

@article {Campagni,
    author = {R. Campagni and D. Merlini and R. Sprugnoli and M.C. Verri},
    title = {{Data mining models for student careers}},
    journal = {Expert Systems with Applications},
    volume = {42},
    year = {2015},
    pages = {5508--5521},
}

@misc {Cao,
    author = {Y. Cao and others},
    title = {{Orderness Predicts Academic Performance: Behavioral Analysis on Campus Lifestyle}},
    note = {arXiv preprint arXiv:1704.04103},
    year = {2017},
}

@misc {Chen,
    author = "W. Chen and C. Joe-Wong and C. Brinton and L. Zheng and D. Cao",
    title = {{Principles for Assessing Adaptive Online Courses}},
    note = "\url{http://www.andrew.cmu.edu/user/cjoewong/VelocityChess_EDM.pdf}, accessed 02.20.2019",
}

@article{Fong,
    author = {C. Fong and C. Davis and Y. Kim and Y.W. Kim and L. Marriott and S. Kim},
    title = {{Psychosocial Factors and Community College Student Success: a Meta-Analytic Investigation}},
    journal = {Review of Educational Research},
    volume = {87},
    number = {2},
    pages = {388--424},
    year = {2017},
}

@article {Genuer,
    author = {R. Genuer and J.M. Poggi and C. Tuleau-Malot},
    title = {{Variable selection using random forests}},
    journal = {Pattern Recognition Letters},
    volume = {31}, 
    number = {14},
    pages = {2225--2236},
    year = {2010},
}

@article {Gopalakrishnan,
    author = {A. Gopalakrishnan and H. Yang and C. Graterol and R. Kased and M.B. Love and A. Shada},
    title = {{A Multifaceted Data Mining Approach to Understanding What Factors Lead Students to Persist and Graduate}},
    journal = {Computing Conference},
    year = {2017},
    pages = {372--381},
}

@mastersthesis {Gopalakrishnan_thesis,
    author = {A. Gopalakrishnan},
    title = {{A Multifaceted Data Mining Approach to Analyzing College Students' Persistence and Graduation Rates}},
    school = {San Francisco State University},
    year = {2016}
}

@book{Hastie,
    author = {G. James and D. Witten and T. Hastie and R. Tibshirani},
    title = {{An Introduction to Statistical Learning}},
    publisher = {Springer New York},
    year = {2013},
    
}

@inproceedings {Jiang,
    author = {Z. Jiang and S. Feng and G. Cong and C. Miao and X. Li},
    title = {{A Novel Cascade Model for Learning Latent Similarity from Heterogeneous Sequential Data of MOOC}},
    booktitle = {Proceedings of the 2017 Conference on Empirical Methods in Natural Language Processing},
	year = {2017},
    pages = {2768--2773},
}

@article {Kolenovic,
    author = {Z. Kolenovic and D. Linderman and M.M. Karp},
    title = {{Improving Student Outcomes via Comprehensive Supports: Three-Year Outcomes From CUNY's Accelerated Study in Associate Programs (ASAP)}},
    journal = {Community College Review},
    volume = {41},
    number = {4},
    year = {2013},
    pages = {271--291},
}

@misc {Louppe,
    author = {G. Louppe},
    title = {{Understanding Random Forests: From Theory to Practice}},
    note = "arVix:1407.7502", 
    year = {2014},
}

@inproceedings {Martinez,
    author = {R. Martinez and K. Yacef and J. Kay and A. Al-Qaraghuli and A. Kharrufa},
    title = {{Analysing frequent sequential patterns of collaborative learning activity around an interactive tabletop}},
    booktitle = {Proceedings of the 4th International Conference on Education Data Mining},
    year = {2011},
    pages = {111--120},
}

@article {Maylawati,
    author = {D.S. Maylawati and M. Irfan and W.B Zulkifar},
    title = {{Comparison between BIDE, PrefixSpan, and TRuleGrowth for Mining of Indonesion Text}},
    journal = {Journal of Physics, Conference Series},
    volume = {801},
    pages = {012067},
    year = {2017},
}

@misc{Metro,
    author = {Metro College Success Program},
    title = {About the Metro College Success Program},
    note = "\url{https://metro.sfsu.edu/about-metro-academies}, accessed 02.20.2019"
}

@article {Munk,
    author = {M. Munk and M. Drlik and L. Benko and J. Reichel},
    title = {{Quantitative and Qualitative Evaluation of Sequence Patterns Found by Application of Different Educational Data Preprocessing Techniques}},
    journal = {IEEE Access},
    volume = {5},
    year = {2017},
    pages = {8989-9004},
}

@misc {NCES_grad,
    author = {National Center for Education Statistics},
    title = {Graduation rate from first institution attended for first-time, full-time, bachelor's degree-seeking students at 4-year postsecondary institutions, by race/ethnicity, time to completion, sex, control of institution, and acceptance rate: Selected cohort entry years, 1996 through 2010},
    note = "\url{https://nces.ed.gov/programs/digest/d17/tables/dt17\_326.10.asp}, accessed 02.20.2019"
}

@misc {NCES_pers,
    author = {National Center for Education Statistics\vspace{0mm}},
    title = {Retention first-time degree-seeking undergraduates at degree-granting postsecondary institutions, by attendance status, level and control of institution, and percentage of applications accepted: Selected cohort entry years, 1996 through 2010},
    note = "\url{https://nces.ed.gov/programs/digest/d17/tables/dt17\_326.30.asp}, accessed 02.20.2019"
}

@article {Pandas,
    author = {W. McKinney},
    title = {{Data Structures for Statistical Computing in Python}},
    journal = {Proceedings of the 9th Python in Science Conference}, 
    year = {2010},
    pages = {51--56},
}

@article {Pena,
    AUTHOR = {Pena-Ayala, A.},
     TITLE = {Educational data mining: a survey and a data mining-based analysis of recent works},
   JOURNAL = {Expert Systems with Applications},
    VOLUME = {41},
      YEAR = {2014},
     PAGES = {1432--1462},
}

@article {Pei,
    author = {J. Pei and others},
    title = {Mining Sequential Patterns by Pattern Growth: The PrefixSpan Approach},
    journal = {IEEE Transactions on Knowledge and Data Engineering},
    volume = {16},
    number = {10},
    year = {2004},
    pages = {1424--1440},
}

@article {Perera,
    author = {D. Perera and J. Kay and I. Koprinska and K. Yacef and O.R. Zaiane},
    title = {{Clustering and Sequential Pattern Mining of Online Collaborative Learning Data}},
    journal = {IEEE Transactions on Knowledge and Data Engineering},
    volume = {21},
    number = {6},
    year = {2009},
    pages = {759--772},
}

@article {Rish,
    author = {I. Rish},
    title = {An empirical study of the naive Bayes classifier},
    journal = {IJCAI 2001 Workshop on Empirical Methods in Artificial Intelligence},
    volume = {3}, 
    number = {22},
    pages = {41--46},
    year = {2011},
}

@article {Romero_2007,
    AUTHOR = {C. Romero and S. Ventura\vspace{0mm}},
     TITLE = {Educational Data Mining: A survey from 1995 to 2005},
   JOURNAL = {Expert Systems with Applications},
    VOLUME = {33},
      YEAR = {2007},
     PAGES = {135--146},
}

@article {Romero_2010,
    AUTHOR = {C. Romero and S. Ventura},
     TITLE = {Educational Data Mining: A Review of the State of the Art},
   JOURNAL = {Transactions on Systems, Man, and Cybernetics},
    VOLUME = {40},
    NUMBER = {6},
      YEAR = {2010},
     PAGES = {601--618},
}

@article {Saa,
    author = {A. Abu Saa},
    title = {{Education Data Mining \& Students' Performance Prediction}},
    journal = {International Journal of Advanced Computer Science and Applications},
    volume = {7},
    year = {2016},
    pages = {212--220},
}

@article {scikitlearn,
    author = {F. Pedregosa and others},
    title = {{Scikit-learn: Machine Learning in Python}},
    journal = {Journal of Machine Learning Research},
    volume = {12},
    pages = {2825--2830},
    year = {2011},
}

@misc {Scipy,
    author = {E. Jones and E. Oliphant and P. Peterson},
    title = {{SciPy: Open Source Scientific Tools for Python}},
    note = {\url{http://www.scipy.org}, accessed 02.20.2019},
}

@article {Shahiri,
    author = {A.M. Shahiri and W. Husain and N.A. Rashid},
    title = {{A Review on Predicting Students' Performance using Data Mining Techniques}},
    journal = {Procedia Computer Science},
    volume = {72},
    year = {2015},
    pages = {414--422},
}

@book{Sleeper,
  author    = {R. Sleeper}, 
  title     = {{Practical Tableau}},
  publisher = {O'Reilly Media},
  year      = 2018,
  edition   = 3,
}

@misc {SPMF_website,
    author = {P. Fournier-Viger\vspace{0mm} and others},
    title = {{SPMF: A Java Open-Source Data Mining Library}},
    note = {\url{http://www.philippe-fournier-viger.com/spmf/}},
}

@article {Tinto,
    author = {V. Tinto},
    title = {{Classroom as Communities: Exploring the Educational Character of Student Persistence}},
    journal = {Journal of Higher Education},
    volume = {68},
    year = {1997},
    pages = {599--623},
}

@inproceedings {Viger,
    author = {P. Fournier-Viger and others},
    title = {{The SPMF Open-Source Data Mining Library Version 2}},
    booktitle = {Proceedings of the 19th European Conference on the Principles of Data Mining and Knowledge Discovery},
    publisher = {Springer},
    series= {LNCS 9853},
    note = {PKDD Part III},
    year = {2016},
    pages = {36--40},
}

@misc {Viger_PrefixSpan,
    author = {P. Fournier-Viger},
    title = {{Mining Frequent Sequential Patterns Using the PrefixSpan Algorithm}},
    note = "\url{http://www.philippe-fournier-viger.com/spmf/PrefixSpan.php}, accessed 02.20.2019",
}

@article {Wickham,
    AUTHOR = {Wickham, H.},
     TITLE = {Tidy {D}ata},
   JOURNAL = {Journal of Statistical Software},
    VOLUME = {59},
    NUMBER = {10},
      YEAR = {2014},
     PAGES = {1--23},
}

@article {Zhao,
    author = {C.M. Zhao and G.D. Kuh},
    title = {{Adding Value: Learning Communities and Student Engagement}},
    journal = {Research in Higher Education},
    volume = {45},
    number = {2},
    year = {2004},
    pages = {2004},
}







